<record><leader>00000cas a22000007a 4500</leader><controlfield tag="001">34709958</controlfield><controlfield tag="008">960510d19111911azudr ne      0    0eng d</controlfield><datafield ind1=" " ind2=" " tag="010"><subfield code="a">sn 95060754 </subfield></datafield><datafield ind1=" " ind2=" " tag="040"><subfield code="a">ANN</subfield><subfield code="b">eng</subfield><subfield code="c">ANN</subfield><subfield code="d">OCLCQ</subfield><subfield code="d">OCLCF</subfield><subfield code="d">OCLCO</subfield></datafield><datafield ind1="1" ind2=" " tag="029"><subfield code="a">AU@</subfield><subfield code="b">000025857411</subfield></datafield><datafield ind1=" " ind2=" " tag="042"><subfield code="a">msc</subfield></datafield><datafield ind1="0" ind2="4" tag="245"><subfield code="a">The Daily Globe of Globe, Arizona.</subfield></datafield><datafield ind1="1" ind2="3" tag="246"><subfield code="a">Daily Globe</subfield></datafield><datafield ind1=" " ind2=" " tag="260"><subfield code="a">Globe, Ariz. :</subfield><subfield code="b">Globe Pub. Co.,</subfield><subfield code="c">1911.</subfield></datafield><datafield ind1=" " ind2=" " tag="300"><subfield code="a">v.</subfield></datafield><datafield ind1=" " ind2=" " tag="310"><subfield code="a">Daily</subfield></datafield><datafield ind1="0" ind2=" " tag="362"><subfield code="a">Vol. 2, no. 310 (Aug. 21, 1911)-v. 3, no. 2 (Aug. 23, 1911).</subfield></datafield><datafield ind1=" " ind2="0" tag="651"><subfield code="a">Globe (Ariz.)</subfield><subfield code="v">Newspapers.</subfield></datafield><datafield ind1=" " ind2="7" tag="655"><subfield code="a">Newspapers.</subfield><subfield code="2">fast</subfield><subfield code="0">(OCoLC)fst01423814</subfield></datafield><datafield ind1=" " ind2="7" tag="651"><subfield code="a">Arizona</subfield><subfield code="z">Globe.</subfield><subfield code="2">fast</subfield><subfield code="0">(OCoLC)fst01216942</subfield></datafield><datafield ind1=" " ind2=" " tag="752"><subfield code="a">United States</subfield><subfield code="b">Arizona</subfield><subfield code="c">Gila</subfield><subfield code="d">Globe.</subfield></datafield><datafield ind1="0" ind2="7" tag="780"><subfield code="t">Daily Globe (Globe, Ariz.)</subfield><subfield code="w">(DLC)sn 95060752</subfield></datafield><datafield ind1="0" ind2="0" tag="785"><subfield code="t">Globe democrat</subfield><subfield code="w">(DLC)sn 95060753</subfield></datafield></record>